<record><leader>00000cas a22000007a 4500</leader><controlfield tag="001">13068889</controlfield><controlfield tag="008">860127d19141915iduwr ne      0    0eng d</controlfield><datafield ind1=" " ind2=" " tag="010"><subfield code="a">sn 86091069 </subfield></datafield><datafield ind1=" " ind2=" " tag="040"><subfield code="a">UNP</subfield><subfield code="b">eng</subfield><subfield code="c">UNP</subfield><subfield code="d">DLC</subfield><subfield code="d">NVB</subfield><subfield code="d">OCLCQ</subfield><subfield code="d">OCLCF</subfield><subfield code="d">OCLCO</subfield></datafield><datafield ind1="1" ind2=" " tag="029"><subfield code="a">AU@</subfield><subfield code="b">000025794360</subfield></datafield><datafield ind1=" " ind2=" " tag="042"><subfield code="a">msc</subfield></datafield><datafield ind1=" " ind2="4" tag="050"><subfield code="a">AN2.I2</subfield><subfield code="b">K44</subfield></datafield><datafield ind1="0" ind2=" " tag="130"><subfield code="a">Kellogg Wardner news (Kellogg, Idaho : 1914)</subfield></datafield><datafield ind1="0" ind2="0" tag="245"><subfield code="a">Kellogg Wardner news.</subfield></datafield><datafield ind1="3" ind2="0" tag="246"><subfield code="a">Kellogg news Wardner</subfield></datafield><datafield ind1="3" ind2="0" tag="246"><subfield code="a">Wardner Kellogg news</subfield></datafield><datafield ind1=" " ind2=" " tag="260"><subfield code="a">Kellogg, Idaho :</subfield><subfield code="b">W.L. Penney,</subfield><subfield code="c">1914-1915</subfield></datafield><datafield ind1=" " ind2=" " tag="300"><subfield code="a">v.</subfield></datafield><datafield ind1="0" ind2=" " tag="362"><subfield code="a">Vol. 28, no. 30 (July 18, 1914)- ; -v. 29, no. 11 (Mar. 5, 1915).</subfield></datafield><datafield ind1=" " ind2=" " tag="515"><subfield code="a">Vol. 28, no. 30 (July 18, 1914)-v. 27 [i.e. 28], no. 34 (Aug. 14, 1914) called also vol. 3, no. 22-v. 3, no. 26.</subfield></datafield><datafield ind1=" " ind2="0" tag="651"><subfield code="a">Kellogg (Idaho)</subfield><subfield code="v">Newspapers.</subfield></datafield><datafield ind1=" " ind2="0" tag="651"><subfield code="a">Wardner (Idaho)</subfield><subfield code="v">Newspapers.</subfield></datafield><datafield ind1=" " ind2="7" tag="655"><subfield code="a">Newspapers.</subfield><subfield code="2">fast</subfield><subfield code="0">(OCoLC)fst01423814</subfield></datafield><datafield ind1=" " ind2="7" tag="651"><subfield code="a">Idaho</subfield><subfield code="z">Kellogg.</subfield><subfield code="2">fast</subfield><subfield code="0">(OCoLC)fst01272101</subfield></datafield><datafield ind1=" " ind2="7" tag="651"><subfield code="a">Idaho</subfield><subfield code="z">Wardner.</subfield><subfield code="2">fast</subfield><subfield code="0">(OCoLC)fst01291206</subfield></datafield><datafield ind1=" " ind2=" " tag="752"><subfield code="a">United States</subfield><subfield code="b">Idaho</subfield><subfield code="c">Shoshone</subfield><subfield code="d">Kellogg.</subfield></datafield><datafield ind1="0" ind2="4" tag="780"><subfield code="t">Kellogg news</subfield><subfield code="w">(DLC)sn 86091070</subfield><subfield code="w">(OCoLC)13068955</subfield></datafield><datafield ind1="0" ind2="4" tag="780"><subfield code="t">Wardner news</subfield><subfield code="w">(DLC)sn 86091071</subfield><subfield code="w">(OCoLC)13069022</subfield></datafield><datafield ind1="0" ind2="0" tag="785"><subfield code="t">Wardner Kellogg news</subfield><subfield code="w">(DLC)sn 88056050</subfield></datafield></record>